# ТРЕБУЕТСЯ УМЕНЬШИТЬ.


@inproceedings{Gale:1991:PAS:981344.981367,
    author = {Gale, William A. and Church, Kenneth W.},
    title = {A program for aligning sentences in bilingual corpora},
    booktitle = {Proceedings of the 29th annual meeting on Association for Computational Linguistics},
    series = {ACL '91},
    year = {1991},
    location = {Berkeley, California},
    pages = {177--184},
    numpages = {8},
    acmid = {981367},
    publisher = {Association for Computational Linguistics},
    address = {Stroudsburg, PA, USA},
    language = {english}
} 

@misc{Глазистов:2010,
    author = {Глазистов И. В., Паршин А. Е.},
    title = {Алгоритм поиска дубликатов в базе видеопоследовательностей на основе сопоставления иерархии смен сцен},
    address = {Москва},
    year = {2010},
    school = {ВМиК МГУ},
    language = {russian}
}
s
@phdthesis{Гончаров:2010,
    author = {Гончаров, А. В.},
    title = {Разработка и исследование модели знакового представления данных в задачах распознавания образов},
    type = {Диссертация к. т. наук: 05.13.17},
    school = {Научно-конструкторское бюро вычислительных систем},
    address = {Таганрог},
    year = 2010,
    language = {russian}
}

@phdthesis{Cheung:2002:EVS:937192,
    author = {Cheung, Sen-Ching},
    title = {Efficient video similarity measurement and search},
    year = {2002},
    note = {AAI3082139},
    publisher = {University of California, Berkeley},
    language = {english}
} 

@article{Yang:2008:HMV:1345477.1345483,
    author = {Yang, Jun and others},
    title = {Harmonium Models for Video Classification},
    journal = {Stat. Anal. Data Min.},
    issue_date = {February 2008},
    volume = {1},
    number = {1},
    month = {feb},
    year = {2008},
    issn = {1932-1864},
    pages = {23--37},
    numpages = {15},
    acmid = {1345483},
    publisher = {John Wiley \& Sons, Inc.},
    address = {New York, NY, USA},
    keywords = {harmonium, latent semantic topic, undirected graphical model, video classification},
    language = {english}
} 

@article{Zhao:2010:AWV:2219114.2219956,
    author = {Zhao, Wan-Lei and Wu, Xiao and Ngo, Chong-Wah},
    title = {On the Annotation of Web Videos by Efficient Near-Duplicate Search},
    journal = {Trans. Multi.},
    issue_date = {August 2010},
    volume = {12},
    number = {5},
    month = {aug},
    year = {2010},
    issn = {1520-9210},
    pages = {448--461},
    numpages = {14},
    acmid = {2219956},
    publisher = {IEEE Press},
    address = {Piscataway, NJ, USA},
    keywords = {Data-driven, near-duplicate video search, video annotation, web video},
    language = {english}
} 

@inproceedings{Chum:2007:SNI:1282280.1282359,
    author = {Chum, Ond\v{r}ej and others},
    title = {Scalable near identical image and shot detection},
    booktitle = {Proceedings of the 6th ACM international conference on Image and video retrieval},
    series = {CIVR '07},
    year = {2007},
    isbn = {978-1-59593-733-9},
    location = {Amsterdam, The Netherlands},
    pages = {549--556},
    numpages = {8},
    acmid = {1282359},
    publisher = {ACM},
    address = {New York, NY, USA},
    keywords = {LSH, large image databases, min hash, near duplicate detection},
    language = {english}
} 

@inproceedings{Shen:2007:SSC:1291233.1291271,
    author = {Shen, Heng Tao and others},
    title = {Statistical summarization of content features for fast near-duplicate video detection},
    booktitle = {Proceedings of the 15th international conference on Multimedia},
    series = {MULTIMEDIA '07},
    year = {2007},
    isbn = {978-1-59593-702-5},
    location = {Augsburg, Germany},
    pages = {164--165},
    numpages = {2},
    acmid = {1291271},
    publisher = {ACM},
    address = {New York, USA},
    language = {english}
} 

